<?xml version="1.0" encoding="UTF-8"?><record xmlns="http://www.loc.gov/MARC21/slim" xmlns:cinclude="http://apache.org/cocoon/include/1.0" xmlns:zs="http://www.loc.gov/zing/srw/">
  <leader>00679cz  a2200169n  4500</leader>
  <controlfield tag="001">no2003071345</controlfield>
  <controlfield tag="003">DLC</controlfield>
  <controlfield tag="005">20130322094447.0</controlfield>
  <controlfield tag="008">030721n| azannaabn          |a ana      </controlfield>
  <datafield tag="010" ind1=" " ind2=" ">
    <subfield code="a">no2003071345</subfield>
  </datafield>
  <datafield tag="035" ind1=" " ind2=" ">
    <subfield code="a">(OCoLC)oca06104957</subfield>
  </datafield>
  <datafield tag="040" ind1=" " ind2=" ">
    <subfield code="a">DLC-ON</subfield>
    <subfield code="b">eng</subfield>
    <subfield code="e">rda</subfield>
    <subfield code="c">DLC-ON</subfield>
    <subfield code="d">DLC</subfield>
  </datafield>
  <datafield tag="110" ind1="2" ind2=" ">
    <subfield code="a">Centre of Advanced Study (India)</subfield>
  </datafield>
  <datafield tag="410" ind1="2" ind2=" ">
    <subfield code="a">University of Allahabad.</subfield>
    <subfield code="b">Centre of Advanced Study</subfield>
  </datafield>
  <datafield tag="410" ind1="2" ind2=" ">
    <subfield code="a">University of Allahabad.</subfield>
    <subfield code="b">Department of Psychology.</subfield>
    <subfield code="b">Centre of Advanced Study</subfield>
  </datafield>
  <datafield tag="510" ind1="2" ind2=" ">
    <subfield code="w">r</subfield>
    <subfield code="i">Hierarchical superior:</subfield>
    <subfield code="a">University of Allahabad.</subfield>
    <subfield code="b">Department of Psychology</subfield>
  </datafield>
  <datafield tag="670" ind1=" " ind2=" ">
    <subfield code="a">The mind matters, 2000:</subfield>
    <subfield code="b">t.p. verso (Centre of Advaced Study, Dept. of Psychology, U. of Allahabad)</subfield>
  </datafield>
</record>